@inbook {gore99,
 author = {Rajeev Gor\`e},
 title = {Tableau Methods for Modal and Temporal Logics},
 booktitle = {Handbook of Tableau Methods},
 publisher = {Springer},
 year = {1999},
 pages = {307-310}
}

@inbook {baadernutt02,
 author = {F. Baader and W. Nutt.},
 title = {Basic Description Logics},
 booktitle = {In the Description Logic Handbook},
 publisher = {Cambridge University Press},
 year = {2002},
 pages = {51-59}
}

@inproceedings{Gore:2010:OTA,
  author = {R. Gor{\'e} and C. Kupke and D. Pattinson},
  title = {Optimal Tableau Algorithms for Coalgebraic Logics},
  booktitle = {Proc. TACAS 2010},
  editor = {R. Majumdar and J. Esparza},
  series = {Lecture Notes in Comp. Sci.},
  url = {/~dirk/Publications/stacs2010.pdf},
  year = {2010}
}

@inproceedings{gore07,
 author = {Rajeev Gor\`e and Linh Anh Nguyen},
 title = {Optimised EXPTime tableaux for ALC using sound global caching, propagation and cutoffs},
 booktitle = {In Proceedings of the 2nd International Conference on Language Resources and Evaluation},
 year = {2007},
 pages = {999--1002},
}

@article{msgs,
  author = {Manfred Schmidt-Schau$\ss$, Gert Smolka},
  title = {Attributive concept descriptions with complements.},
  journal = {Artificial Intelligence},
  year = {1991},
  pages = {1-26},
  volume = {48},
}

@inproceedings{Schmidt:2007:UTD:1785162.1785195,
 author = {Schmidt, Renate A. and Tishkovsky, Dmitry},
 title = {Using tableau to decide expressive description logics with role negation},
 booktitle = {Proceedings of the 6th international The semantic web and 2nd Asian conference on Asian semantic web conference},
 series = {ISWC'07/ASWC'07},
 year = {2007},
 pages = {438--446},
} 
